@article{lee2008robust,
  title={A robust framework for detecting structural variations in a genome},
  author={Lee, Seunghak and Cheran, Elango and Brudno, Michael},
  journal={Bioinformatics},
  volume={24},
  number={13},
  pages={i59--i67},
  year={2008},
  publisher={Oxford Univ Press}
}
% deletion bias

@article{yoon2009sensitive,
  title={Sensitive and accurate detection of copy number variants using read depth of coverage},
  author={Yoon, Seungtai and Xuan, Zhenyu and Makarov, Vladimir and Ye, Kenny and Sebat, Jonathan},
  journal={Genome research},
  volume={19},
  number={9},
  pages={1586--1592},
  year={2009},
  publisher={Cold Spring Harbor Lab}
}
% read depth of coverage

@article{medvedev2009computational,
  title={Computational methods for discovering structural variation with next-generation sequencing},
  author={Medvedev, Paul and Stanciu, Monica and Brudno, Michael},
  journal={Nature methods},
  volume={6},
  pages={S13--S20},
  year={2009},
  publisher={Nature Publishing Group}
}
% review of methods: paried-end deletion bias, doesn't give you inserted sequence

@article{schneeberger2011reference,
  title={Reference-guided assembly of four diverse Arabidopsis thaliana genomes},
  author={Schneeberger, Korbinian and Ossowski, Stephan and Ott, Felix and Klein, Juliane D and Wang, Xi and Lanz, Christa and Smith, Lisa M and Cao, Jun and Fitz, Joffrey and Warthmann, Norman and others},
  journal={Proceedings of the National Academy of Sciences},
  volume={108},
  number={25},
  pages={10249--10254},
  year={2011},
  publisher={National Acad Sciences}
}

@article{jiang2012prism,
  title={PRISM: pair-read informed split-read mapping for base-pair level detection of insertion, deletion and structural variants},
  author={Jiang, Yue and Wang, Yadong and Brudno, Michael},
  journal={Bioinformatics},
  volume={28},
  number={20},
  pages={2576--2583},
  year={2012},
  publisher={Oxford Univ Press}
}
% none can detect large insertions, picked subset to sanger sequence

@article{chen2014tigra,
  title={TIGRA: a targeted iterative graph routing assembler for breakpoint assembly},
  author={Chen, Ken and Chen, Lei and Fan, Xian and Wallis, John and Ding, Li and Weinstock, George},
  journal={Genome research},
  volume={24},
  number={2},
  pages={310--317},
  year={2014},
  publisher={Cold Spring Harbor Lab}
}

@article{abel2013detection,
  title={Detection of structural DNA variation from next generation sequencing data: a review of informatic approaches},
  author={Abel, Haley J and Duncavage, Eric J},
  journal={Cancer genetics},
  volume={206},
  number={12},
  pages={432--440},
  year={2013},
  publisher={Elsevier}
}
% review of approaches and tools
% deletion bias, bias towards small indels
% split-read has high false positive rate

@article{christoforides2013identification,
  title={Identification of somatic mutations in cancer through Bayesian-based analysis of sequenced genome pairs},
  author={Christoforides, Alexis and Carpten, John D and Weiss, Glen J and Demeure, Michael J and Von Hoff, Daniel D and Craig, David W},
  journal={BMC genomics},
  volume={14},
  number={1},
  pages={302},
  year={2013},
  publisher={BioMed Central Ltd}
}
% indirect comparison

@article{pavlopoulos2013unraveling,
  title={Unraveling genomic variation from next generation sequencing data.},
  author={Pavlopoulos, Georgios A and Oulas, Anastasis and Iacucci, Ernesto and Sifrim, Alejandro and Moreau, Yves and Schneider, Reinhard and Aerts, Jan and Iliopoulos, Ioannis},
  journal={BioData mining},
  volume={6},
  number={1},
  year={2013}
}
% description of general approaches to SV detection

@article{zeitouni2010svdetect,
  title={SVDetect: a tool to identify genomic structural variations from paired-end and mate-pair sequencing data},
  author={Zeitouni, Bruno and Boeva, Valentina and Janoueix-Lerosey, Isabelle and Loeillet, Sophie and Legoix-N{\'e}, Patricia and Nicolas, Alain and Delattre, Olivier and Barillot, Emmanuel},
  journal={Bioinformatics},
  volume={26},
  number={15},
  pages={1895--1896},
  year={2010},
  publisher={Oxford Univ Press}
}
% indirect comparison

@article{langmead2012fast,
  title={Fast gapped-read alignment with Bowtie 2},
  author={Langmead, Ben and Salzberg, Steven L},
  journal={Nature methods},
  volume={9},
  number={4},
  pages={357--359},
  year={2012},
  publisher={Nature Publishing Group}
}
% bowtie 2 aligner

@article{pabinger2014survey,
  title={A survey of tools for variant analysis of next-generation genome sequencing data},
  author={Pabinger, Stephan and Dander, Andreas and Fischer, Maria and Snajder, Rene and Sperk, Michael and Efremova, Mirjana and Krabichler, Birgit and Speicher, Michael R and Zschocke, Johannes and Trajanoski, Zlatko},
  journal={Briefings in bioinformatics},
  volume={15},
  number={2},
  pages={256--278},
  year={2014},
  publisher={Oxford Univ Press}
}
% uses of NGS, review of tools and some problems with somatic detection

@article{wang2011crest,
  title={CREST maps somatic structural variation in cancer genomes with base-pair resolution},
  author={Wang, Jianmin and Mullighan, Charles G and Easton, John and Roberts, Stefan and Heatley, Sue L and Ma, Jing and Rusch, Michael C and Chen, Ken and Harris, Christopher C and Ding, Li and others},
  journal={Nature methods},
  volume={8},
  number={8},
  pages={652--654},
  year={2011},
  publisher={Nature Publishing Group}
}
% tool that indirectly maps, also has some pipelining/annotation details

@article{lledo2013power,
  title={On the power and the systematic biases of the detection of chromosomal inversions by paired-end genome sequencing},
  author={Lled{\'o}, Jos{\'e} Ignacio Lucas and C{\'a}ceres, Mario},
  journal={PloS one},
  volume={8},
  number={4},
  pages={e61292},
  year={2013},
  publisher={Public Library of Science}
}
% detecting inversions

@article{baker2012structural,
  title={Structural variation: the genome's hidden architecture},
  author={Baker, Monya},
  journal={Nature methods},
  volume={9},
  number={2},
  pages={133--137},
  year={2012},
  publisher={Nature Publishing Group}
}
% details/types of SV detection, deletion bias

@article{feuk2006structural,
  title={Structural variation in the human genome},
  author={Feuk, Lars and Carson, Andrew R and Scherer, Stephen W},
  journal={Nature Reviews Genetics},
  volume={7},
  number={2},
  pages={85--97},
  year={2006},
  publisher={Nature Publishing Group}
}
% lots of individual variation, disease implications

@article{alkan2011genome,
  title={Genome structural variation discovery and genotyping},
  author={Alkan, Can and Coe, Bradley P and Eichler, Evan E},
  journal={Nature Reviews Genetics},
  volume={12},
  number={5},
  pages={363--376},
  year={2011},
  publisher={Nature Publishing Group}
}
% deletion bias, "split-read is currently reliable only in the unique regions of the genome"

@article{schroder2014socrates,
  title={Socrates: identification of genomic rearrangements in tumour genomes by re-aligning soft clipped reads},
  author={Schr{\"o}der, Jan and Hsu, Arthur and Boyle, Samantha E and Macintyre, Geoff and Cmero, Marek and Tothill, Richard W and Johnstone, Ricky W and Shackleton, Mark and Papenfuss, Anthony T},
  journal={Bioinformatics},
  volume={30},
  number={8},
  pages={1064--1072},
  year={2014},
  publisher={Oxford Univ Press}
}
% socrates

@article{suzuki2011clipcrop,
  title={ClipCrop: a tool for detecting structural variations with single-base resolution using soft-clipping information},
  author={Suzuki, Shin and Yasuda, Tomohiro and Shiraishi, Yuichi and Miyano, Satoru and Nagasaki, Masao},
  journal={BMC bioinformatics},
  volume={12},
  number={Suppl 14},
  pages={S7},
  year={2011},
  publisher={BioMed Central Ltd}
}
% clipcrop: method, great review of other methods

@article{abel2014detection,
  title={Detection of gene rearrangements in targeted clinical next-generation sequencing},
  author={Abel, Haley J and Al-Kateb, Hussam and Cottrell, Catherine E and Bredemeyer, Andrew J and Pritchard, Colin C and Grossmann, Allie H and Wallander, Michelle L and Pfeifer, John D and Lockwood, Christina M and Duncavage, Eric J},
  journal={The Journal of Molecular Diagnostics},
  volume={16},
  number={4},
  pages={405--417},
  year={2014},
  publisher={Elsevier}
}

@article{landman2014shear,
  title={SHEAR: sample heterogeneity estimation and assembly by reference},
  author={Landman, Sean R and Hwang, Tae H and Silverstein, Kevin AT and Li, Yingming and Dehm, Scott M and Steinbach, Michael and Kumar, Vipin},
  journal={BMC genomics},
  volume={15},
  number={1},
  pages={84},
  year={2014},
  publisher={BioMed Central Ltd}
}
% SHEAR assembler

@article{ricarte2013identification,
  title={Identification of kinase fusion oncogenes in post-Chernobyl radiation-induced thyroid cancers},
  author={Ricarte-Filho, Julio C and Li, Sheng and Garcia-Rendueles, Maria ER and Montero-Conde, Cristina and Voza, Francesca and Knauf, Jeffrey A and Heguy, Adriana and Viale, Agnes and Bogdanova, Tetyana and Thomas, Geraldine A and others},
  journal={The Journal of clinical investigation},
  volume={123},
  number={11},
  pages={4935},
  year={2013},
  publisher={American Society for Clinical Investigation}
}
% genomic data for thyroid cancers, list of SVs
% http://www.ncbi.nlm.nih.gov/geo/query/acc.cgi?acc=GSE48850
% wider: http://www.ncbi.nlm.nih.gov/Traces/sra/?study=SRP027366
% http://www.ncbi.nlm.nih.gov/sra/SRX322321%5baccn

